% Encoding: UTF8

@article{friesz2011,
  title={Approximate network loading and dual-time-scale dynamic user equilibrium},
  author={Friesz, Terry L and Kim, Taeil and Kwon, Changhyun and Rigdon, Matthew A},
  journal={Transportation Research Part B},
  volume={45},
  number={1},
  pages={176--207},
  year={2011},
  publisher={Elsevier}
}



@article{DH2017,
  title={MFD 子区交通状态转移风险决策边界控制模型},
  author={丁恒 and 朱良元 and 蒋程镔 and 袁含雨},
  journal={交通运输系统工程与信息},
  volume={17},
  number={5},
  pages={104--111},
  year={2017},
  language = {zh},
}
